<record><leader>00000cas a22000007a 4500</leader><controlfield tag="001">9920773</controlfield><controlfield tag="008">830917d18921967ohuwr ne      0    0eng d</controlfield><datafield ind1=" " ind2=" " tag="010"><subfield code="a">sn 83035463 </subfield></datafield><datafield ind1=" " ind2=" " tag="040"><subfield code="a">NPY</subfield><subfield code="b">eng</subfield><subfield code="c">NPY</subfield><subfield code="d">ONP</subfield><subfield code="d">OCLCQ</subfield></datafield><datafield ind1=" " ind2=" " tag="042"><subfield code="a">msc</subfield></datafield><datafield ind1="0" ind2="0" tag="245"><subfield code="a">Sabina news record.</subfield></datafield><datafield ind1=" " ind2=" " tag="260"><subfield code="a">Sabina, Ohio :</subfield><subfield code="b">James F. Gaskins,</subfield><subfield code="c">1892-1967.</subfield></datafield><datafield ind1=" " ind2=" " tag="300"><subfield code="a">v. :</subfield><subfield code="b">ill. ;</subfield><subfield code="c">57 cm.</subfield></datafield><datafield ind1=" " ind2=" " tag="310"><subfield code="a">Weekly</subfield></datafield><datafield ind1="0" ind2=" " tag="362"><subfield code="a">Vol. 16, no. 10 (May 19, 1892)-88th year, no. 41 (Dec. 28, 1967).</subfield></datafield><datafield ind1=" " ind2=" " tag="500"><subfield code="a">Publisher named in: Ayer's, 1897.</subfield></datafield><datafield ind1=" " ind2=" " tag="500"><subfield code="a">"A weekly newspaper devoted to Sabina and vicinity."</subfield></datafield><datafield ind1=" " ind2=" " tag="500"><subfield code="a">"Independent, 1893-1921; Republican, 1922-1968." Cf. Gutgesell, S. Guide to Ohio newspapers, 1974.</subfield></datafield><datafield ind1=" " ind2=" " tag="515"><subfield code="a">Issues for May 19, 1892-Dec. 28, 1967 also called v. 3, no. 20-78th year, no. 51.</subfield></datafield><datafield ind1=" " ind2=" " tag="752"><subfield code="a">United States</subfield><subfield code="b">Ohio</subfield><subfield code="c">Clinton</subfield><subfield code="d">Sabina.</subfield></datafield><datafield ind1="0" ind2="4" tag="780"><subfield code="t">Sabina news (Sabina, Ohio : 1887)</subfield><subfield code="w">(DLC)sn 91069790</subfield></datafield><datafield ind1="0" ind2="4" tag="780"><subfield code="t">Sabina record</subfield><subfield code="w">(DLC)sn 91069789</subfield></datafield></record>